%YAML 1.1
%TAG !u! tag:unity3d.com,2011:
--- !u!29 &1
OcclusionCullingSettings:
  m_ObjectHideFlags: 0
  serializedVersion: 2
  m_OcclusionBakeSettings:
    smallestOccluder: 5
    smallestHole: 0.25
    backfaceThreshold: 100
  m_SceneGUID: 00000000000000000000000000000000
  m_OcclusionCullingData: {fileID: 0}
--- !u!104 &2
RenderSettings:
  m_ObjectHideFlags: 0
  serializedVersion: 9
  m_Fog: 0
  m_FogColor: {r: 0.5, g: 0.5, b: 0.5, a: 1}
  m_FogMode: 3
  m_FogDensity: 0.01
  m_LinearFogStart: 0
  m_LinearFogEnd: 300
  m_AmbientSkyColor: {r: 0.212, g: 0.227, b: 0.259, a: 1}
  m_AmbientEquatorColor: {r: 0.114, g: 0.125, b: 0.133, a: 1}
  m_AmbientGroundColor: {r: 0.047, g: 0.043, b: 0.035, a: 1}
  m_AmbientIntensity: 1
  m_AmbientMode: 0
  m_SubtractiveShadowColor: {r: 0.42, g: 0.478, b: 0.627, a: 1}
  m_SkyboxMaterial: {fileID: 10304, guid: 0000000000000000f000000000000000, type: 0}
  m_HaloStrength: 0.5
  m_FlareStrength: 1
  m_FlareFadeSpeed: 3
  m_HaloTexture: {fileID: 0}
  m_SpotCookie: {fileID: 10001, guid: 0000000000000000e000000000000000, type: 0}
  m_DefaultReflectionMode: 0
  m_DefaultReflectionResolution: 128
  m_ReflectionBounces: 1
  m_ReflectionIntensity: 1
  m_CustomReflection: {fileID: 0}
  m_Sun: {fileID: 0}
  m_IndirectSpecularColor: {r: 0.18028378, g: 0.22571412, b: 0.30692285, a: 1}
  m_UseRadianceAmbientProbe: 0
--- !u!157 &3
LightmapSettings:
  m_ObjectHideFlags: 0
  serializedVersion: 12
  m_GIWorkflowMode: 1
  m_GISettings:
    serializedVersion: 2
    m_BounceScale: 1
    m_IndirectOutputScale: 1
    m_AlbedoBoost: 1
    m_EnvironmentLightingMode: 0
    m_EnableBakedLightmaps: 1
    m_EnableRealtimeLightmaps: 0
  m_LightmapEditorSettings:
    serializedVersion: 12
    m_Resolution: 2
    m_BakeResolution: 40
    m_AtlasSize: 1024
    m_AO: 0
    m_AOMaxDistance: 1
    m_CompAOExponent: 1
    m_CompAOExponentDirect: 0
    m_ExtractAmbientOcclusion: 0
    m_Padding: 2
    m_LightmapParameters: {fileID: 0}
    m_LightmapsBakeMode: 1
    m_TextureCompression: 1
    m_FinalGather: 0
    m_FinalGatherFiltering: 1
    m_FinalGatherRayCount: 256
    m_ReflectionCompression: 2
    m_MixedBakeMode: 2
    m_BakeBackend: 1
    m_PVRSampling: 1
    m_PVRDirectSampleCount: 32
    m_PVRSampleCount: 512
    m_PVRBounces: 2
    m_PVREnvironmentSampleCount: 256
    m_PVREnvironmentReferencePointCount: 2048
    m_PVRFilteringMode: 1
    m_PVRDenoiserTypeDirect: 1
    m_PVRDenoiserTypeIndirect: 1
    m_PVRDenoiserTypeAO: 1
    m_PVRFilterTypeDirect: 0
    m_PVRFilterTypeIndirect: 0
    m_PVRFilterTypeAO: 0
    m_PVREnvironmentMIS: 1
    m_PVRCulling: 1
    m_PVRFilteringGaussRadiusDirect: 1
    m_PVRFilteringGaussRadiusIndirect: 5
    m_PVRFilteringGaussRadiusAO: 2
    m_PVRFilteringAtrousPositionSigmaDirect: 0.5
    m_PVRFilteringAtrousPositionSigmaIndirect: 2
    m_PVRFilteringAtrousPositionSigmaAO: 1
    m_ExportTrainingData: 0
    m_TrainingDataDestination: TrainingData
    m_LightProbeSampleCountMultiplier: 4
  m_LightingDataAsset: {fileID: 0}
  m_LightingSettings: {fileID: 0}
--- !u!196 &4
NavMeshSettings:
  serializedVersion: 2
  m_ObjectHideFlags: 0
  m_BuildSettings:
    serializedVersion: 2
    agentTypeID: 0
    agentRadius: 0.5
    agentHeight: 2
    agentSlope: 45
    agentClimb: 0.4
    ledgeDropHeight: 0
    maxJumpAcrossDistance: 0
    minRegionArea: 2
    manualCellSize: 0
    cellSize: 0.16666667
    manualTileSize: 0
    tileSize: 256
    accuratePlacement: 0
    maxJobWorkers: 0
    preserveTilesOutsideBounds: 0
    debug:
      m_Flags: 0
  m_NavMeshData: {fileID: 0}
--- !u!1 &33406762
GameObject:
  m_ObjectHideFlags: 0
  m_CorrespondingSourceObject: {fileID: 0}
  m_PrefabInstance: {fileID: 0}
  m_PrefabAsset: {fileID: 0}
  serializedVersion: 6
  m_Component:
  - component: {fileID: 33406765}
  - component: {fileID: 33406764}
  - component: {fileID: 33406766}
  m_Layer: 0
  m_Name: EventSystem
  m_TagString: Untagged
  m_Icon: {fileID: 0}
  m_NavMeshLayer: 0
  m_StaticEditorFlags: 0
  m_IsActive: 1
--- !u!114 &33406764
MonoBehaviour:
  m_ObjectHideFlags: 0
  m_CorrespondingSourceObject: {fileID: 0}
  m_PrefabInstance: {fileID: 0}
  m_PrefabAsset: {fileID: 0}
  m_GameObject: {fileID: 33406762}
  m_Enabled: 1
  m_EditorHideFlags: 0
  m_Script: {fileID: 11500000, guid: 76c392e42b5098c458856cdf6ecaaaa1, type: 3}
  m_Name: 
  m_EditorClassIdentifier: 
  m_FirstSelected: {fileID: 0}
  m_sendNavigationEvents: 1
  m_DragThreshold: 10
--- !u!4 &33406765
Transform:
  m_ObjectHideFlags: 0
  m_CorrespondingSourceObject: {fileID: 0}
  m_PrefabInstance: {fileID: 0}
  m_PrefabAsset: {fileID: 0}
  m_GameObject: {fileID: 33406762}
  m_LocalRotation: {x: 0, y: 0, z: 0, w: 1}
  m_LocalPosition: {x: 0, y: 0, z: 0}
  m_LocalScale: {x: 1, y: 1, z: 1}
  m_ConstrainProportionsScale: 0
  m_Children: []
  m_Father: {fileID: 0}
  m_RootOrder: 5
  m_LocalEulerAnglesHint: {x: 0, y: 0, z: 0}
--- !u!114 &33406766
MonoBehaviour:
  m_ObjectHideFlags: 0
  m_CorrespondingSourceObject: {fileID: 0}
  m_PrefabInstance: {fileID: 0}
  m_PrefabAsset: {fileID: 0}
  m_GameObject: {fileID: 33406762}
  m_Enabled: 1
  m_EditorHideFlags: 0
  m_Script: {fileID: 11500000, guid: 01614664b831546d2ae94a42149d80ac, type: 3}
  m_Name: 
  m_EditorClassIdentifier: 
  m_SendPointerHoverToParent: 1
  m_MoveRepeatDelay: 0.5
  m_MoveRepeatRate: 0.1
  m_XRTrackingOrigin: {fileID: 0}
  m_ActionsAsset: {fileID: -944628639613478452, guid: 4419d82f33d36e848b3ed5af4c8da37e,
    type: 3}
  m_PointAction: {fileID: 0}
  m_MoveAction: {fileID: -3552364970006637457, guid: 4419d82f33d36e848b3ed5af4c8da37e,
    type: 3}
  m_SubmitAction: {fileID: 0}
  m_CancelAction: {fileID: 0}
  m_LeftClickAction: {fileID: 0}
  m_MiddleClickAction: {fileID: 0}
  m_RightClickAction: {fileID: 0}
  m_ScrollWheelAction: {fileID: 0}
  m_TrackedDevicePositionAction: {fileID: 0}
  m_TrackedDeviceOrientationAction: {fileID: 0}
  m_DeselectOnBackgroundClick: 1
  m_PointerBehavior: 0
--- !u!1 &41002389 stripped
GameObject:
  m_CorrespondingSourceObject: {fileID: 7761701357293307506, guid: 83684c1ce96e67f4590ff456bceb1fc9,
    type: 3}
  m_PrefabInstance: {fileID: 7761701356617085741}
  m_PrefabAsset: {fileID: 0}
--- !u!82 &41002396
AudioSource:
  m_ObjectHideFlags: 0
  m_CorrespondingSourceObject: {fileID: 0}
  m_PrefabInstance: {fileID: 0}
  m_PrefabAsset: {fileID: 0}
  m_GameObject: {fileID: 41002389}
  m_Enabled: 1
  serializedVersion: 4
  OutputAudioMixerGroup: {fileID: 0}
  m_audioClip: {fileID: 0}
  m_PlayOnAwake: 1
  m_Volume: 1
  m_Pitch: 1
  Loop: 0
  Mute: 0
  Spatialize: 0
  SpatializePostEffects: 0
  Priority: 128
  DopplerLevel: 1
  MinDistance: 1
  MaxDistance: 500
  Pan2D: 0
  rolloffMode: 0
  BypassEffects: 0
  BypassListenerEffects: 0
  BypassReverbZones: 0
  rolloffCustomCurve:
    serializedVersion: 2
    m_Curve:
    - serializedVersion: 3
      time: 0
      value: 1
      inSlope: 0
      outSlope: 0
      tangentMode: 0
      weightedMode: 0
      inWeight: 0.33333334
      outWeight: 0.33333334
    - serializedVersion: 3
      time: 1
      value: 0
      inSlope: 0
      outSlope: 0
      tangentMode: 0
      weightedMode: 0
      inWeight: 0.33333334
      outWeight: 0.33333334
    m_PreInfinity: 2
    m_PostInfinity: 2
    m_RotationOrder: 4
  panLevelCustomCurve:
    serializedVersion: 2
    m_Curve:
    - serializedVersion: 3
      time: 0
      value: 0
      inSlope: 0
      outSlope: 0
      tangentMode: 0
      weightedMode: 0
      inWeight: 0.33333334
      outWeight: 0.33333334
    m_PreInfinity: 2
    m_PostInfinity: 2
    m_RotationOrder: 4
  spreadCustomCurve:
    serializedVersion: 2
    m_Curve:
    - serializedVersion: 3
      time: 0
      value: 0
      inSlope: 0
      outSlope: 0
      tangentMode: 0
      weightedMode: 0
      inWeight: 0.33333334
      outWeight: 0.33333334
    m_PreInfinity: 2
    m_PostInfinity: 2
    m_RotationOrder: 4
  reverbZoneMixCustomCurve:
    serializedVersion: 2
    m_Curve:
    - serializedVersion: 3
      time: 0
      value: 1
      inSlope: 0
      outSlope: 0
      tangentMode: 0
      weightedMode: 0
      inWeight: 0.33333334
      outWeight: 0.33333334
    m_PreInfinity: 2
    m_PostInfinity: 2
    m_RotationOrder: 4
--- !u!1001 &82727880
PrefabInstance:
  m_ObjectHideFlags: 0
  serializedVersion: 2
  m_Modification:
    m_TransformParent: {fileID: 0}
    m_Modifications:
    - target: {fileID: -8679921383154817045, guid: 1104dee122aeca44da067b20f6452301,
        type: 3}
      propertyPath: m_RootOrder
      value: 2
      objectReference: {fileID: 0}
    - target: {fileID: -8679921383154817045, guid: 1104dee122aeca44da067b20f6452301,
        type: 3}
      propertyPath: m_LocalPosition.x
      value: -4
      objectReference: {fileID: 0}
    - target: {fileID: -8679921383154817045, guid: 1104dee122aeca44da067b20f6452301,
        type: 3}
      propertyPath: m_LocalPosition.y
      value: 0
      objectReference: {fileID: 0}
    - target: {fileID: -8679921383154817045, guid: 1104dee122aeca44da067b20f6452301,
        type: 3}
      propertyPath: m_LocalPosition.z
      value: 0
      objectReference: {fileID: 0}
    - target: {fileID: -8679921383154817045, guid: 1104dee122aeca44da067b20f6452301,
        type: 3}
      propertyPath: m_LocalRotation.w
      value: 1
      objectReference: {fileID: 0}
    - target: {fileID: -8679921383154817045, guid: 1104dee122aeca44da067b20f6452301,
        type: 3}
      propertyPath: m_LocalRotation.x
      value: 0
      objectReference: {fileID: 0}
    - target: {fileID: -8679921383154817045, guid: 1104dee122aeca44da067b20f6452301,
        type: 3}
      propertyPath: m_LocalRotation.y
      value: 0
      objectReference: {fileID: 0}
    - target: {fileID: -8679921383154817045, guid: 1104dee122aeca44da067b20f6452301,
        type: 3}
      propertyPath: m_LocalRotation.z
      value: 0
      objectReference: {fileID: 0}
    - target: {fileID: -8679921383154817045, guid: 1104dee122aeca44da067b20f6452301,
        type: 3}
      propertyPath: m_LocalEulerAnglesHint.x
      value: 0
      objectReference: {fileID: 0}
    - target: {fileID: -8679921383154817045, guid: 1104dee122aeca44da067b20f6452301,
        type: 3}
      propertyPath: m_LocalEulerAnglesHint.y
      value: 0
      objectReference: {fileID: 0}
    - target: {fileID: -8679921383154817045, guid: 1104dee122aeca44da067b20f6452301,
        type: 3}
      propertyPath: m_LocalEulerAnglesHint.z
      value: 0
      objectReference: {fileID: 0}
    - target: {fileID: 919132149155446097, guid: 1104dee122aeca44da067b20f6452301,
        type: 3}
      propertyPath: m_Name
      value: warzombie
      objectReference: {fileID: 0}
    m_RemovedComponents: []
  m_SourcePrefab: {fileID: 100100000, guid: 1104dee122aeca44da067b20f6452301, type: 3}
--- !u!1 &82727881 stripped
GameObject:
  m_CorrespondingSourceObject: {fileID: 919132149155446097, guid: 1104dee122aeca44da067b20f6452301,
    type: 3}
  m_PrefabInstance: {fileID: 82727880}
  m_PrefabAsset: {fileID: 0}
--- !u!111 &82727882
Animation:
  m_ObjectHideFlags: 0
  m_CorrespondingSourceObject: {fileID: 0}
  m_PrefabInstance: {fileID: 0}
  m_PrefabAsset: {fileID: 0}
  m_GameObject: {fileID: 82727881}
  m_Enabled: 1
  serializedVersion: 3
  m_Animation: {fileID: 7400000, guid: c29884ea59733c044a3b75ede6c3da5d, type: 2}
  m_Animations:
  - {fileID: 7400000, guid: c29884ea59733c044a3b75ede6c3da5d, type: 2}
  m_WrapMode: 0
  m_PlayAutomatically: 1
  m_AnimatePhysics: 0
  m_CullingType: 0
--- !u!1 &255168519
GameObject:
  m_ObjectHideFlags: 0
  m_CorrespondingSourceObject: {fileID: 0}
  m_PrefabInstance: {fileID: 0}
  m_PrefabAsset: {fileID: 0}
  serializedVersion: 6
  m_Component:
  - component: {fileID: 255168520}
  - component: {fileID: 255168522}
  - component: {fileID: 255168521}
  m_Layer: 5
  m_Name: Crosshair
  m_TagString: Untagged
  m_Icon: {fileID: 0}
  m_NavMeshLayer: 0
  m_StaticEditorFlags: 0
  m_IsActive: 1
--- !u!224 &255168520
RectTransform:
  m_ObjectHideFlags: 0
  m_CorrespondingSourceObject: {fileID: 0}
  m_PrefabInstance: {fileID: 0}
  m_PrefabAsset: {fileID: 0}
  m_GameObject: {fileID: 255168519}
  m_LocalRotation: {x: 0, y: 0, z: 0, w: 1}
  m_LocalPosition: {x: 0, y: 0, z: 0}
  m_LocalScale: {x: 1, y: 1, z: 1}
  m_ConstrainProportionsScale: 0
  m_Children: []
  m_Father: {fileID: 565213274}
  m_RootOrder: 0
  m_LocalEulerAnglesHint: {x: 0, y: 0, z: 0}
  m_AnchorMin: {x: 0.5, y: 0.5}
  m_AnchorMax: {x: 0.5, y: 0.5}
  m_AnchoredPosition: {x: 0, y: 0}
  m_SizeDelta: {x: 30, y: 30}
  m_Pivot: {x: 0.5, y: 0.5}
--- !u!114 &255168521
MonoBehaviour:
  m_ObjectHideFlags: 0
  m_CorrespondingSourceObject: {fileID: 0}
  m_PrefabInstance: {fileID: 0}
  m_PrefabAsset: {fileID: 0}
  m_GameObject: {fileID: 255168519}
  m_Enabled: 1
  m_EditorHideFlags: 0
  m_Script: {fileID: 11500000, guid: fe87c0e1cc204ed48ad3b37840f39efc, type: 3}
  m_Name: 
  m_EditorClassIdentifier: 
  m_Material: {fileID: 0}
  m_Color: {r: 0.30721655, g: 1, b: 0.28773582, a: 1}
  m_RaycastTarget: 0
  m_RaycastPadding: {x: 0, y: 0, z: 0, w: 0}
  m_Maskable: 0
  m_OnCullStateChanged:
    m_PersistentCalls:
      m_Calls: []
  m_Sprite: {fileID: 21300000, guid: 8c89ed5746a4faa48bb97701cc2f2e35, type: 3}
  m_Type: 0
  m_PreserveAspect: 0
  m_FillCenter: 1
  m_FillMethod: 4
  m_FillAmount: 1
  m_FillClockwise: 1
  m_FillOrigin: 0
  m_UseSpriteMesh: 0
  m_PixelsPerUnitMultiplier: 1
--- !u!222 &255168522
CanvasRenderer:
  m_ObjectHideFlags: 0
  m_CorrespondingSourceObject: {fileID: 0}
  m_PrefabInstance: {fileID: 0}
  m_PrefabAsset: {fileID: 0}
  m_GameObject: {fileID: 255168519}
  m_CullTransparentMesh: 1
--- !u!1001 &399674154
PrefabInstance:
  m_ObjectHideFlags: 0
  serializedVersion: 2
  m_Modification:
    m_TransformParent: {fileID: 0}
    m_Modifications:
    - target: {fileID: 1411224836570752363, guid: 4cfc70df7f317604687ebc57213d6c8d,
        type: 3}
      propertyPath: m_RootOrder
      value: 7
      objectReference: {fileID: 0}
    - target: {fileID: 1411224836570752363, guid: 4cfc70df7f317604687ebc57213d6c8d,
        type: 3}
      propertyPath: m_LocalPosition.x
      value: 0.012
      objectReference: {fileID: 0}
    - target: {fileID: 1411224836570752363, guid: 4cfc70df7f317604687ebc57213d6c8d,
        type: 3}
      propertyPath: m_LocalPosition.y
      value: 0.85
      objectReference: {fileID: 0}
    - target: {fileID: 1411224836570752363, guid: 4cfc70df7f317604687ebc57213d6c8d,
        type: 3}
      propertyPath: m_LocalPosition.z
      value: 3.149
      objectReference: {fileID: 0}
    - target: {fileID: 1411224836570752363, guid: 4cfc70df7f317604687ebc57213d6c8d,
        type: 3}
      propertyPath: m_LocalRotation.w
      value: 0.41373515
      objectReference: {fileID: 0}
    - target: {fileID: 1411224836570752363, guid: 4cfc70df7f317604687ebc57213d6c8d,
        type: 3}
      propertyPath: m_LocalRotation.x
      value: -0.5734311
      objectReference: {fileID: 0}
    - target: {fileID: 1411224836570752363, guid: 4cfc70df7f317604687ebc57213d6c8d,
        type: 3}
      propertyPath: m_LocalRotation.y
      value: -0.5734311
      objectReference: {fileID: 0}
    - target: {fileID: 1411224836570752363, guid: 4cfc70df7f317604687ebc57213d6c8d,
        type: 3}
      propertyPath: m_LocalRotation.z
      value: 0.41373515
      objectReference: {fileID: 0}
    - target: {fileID: 1411224836570752363, guid: 4cfc70df7f317604687ebc57213d6c8d,
        type: 3}
      propertyPath: m_LocalEulerAnglesHint.x
      value: 0
      objectReference: {fileID: 0}
    - target: {fileID: 1411224836570752363, guid: 4cfc70df7f317604687ebc57213d6c8d,
        type: 3}
      propertyPath: m_LocalEulerAnglesHint.y
      value: -108.379
      objectReference: {fileID: 0}
    - target: {fileID: 1411224836570752363, guid: 4cfc70df7f317604687ebc57213d6c8d,
        type: 3}
      propertyPath: m_LocalEulerAnglesHint.z
      value: 90
      objectReference: {fileID: 0}
    - target: {fileID: 1411224836570986827, guid: 4cfc70df7f317604687ebc57213d6c8d,
        type: 3}
      propertyPath: m_Name
      value: UMP-45
      objectReference: {fileID: 0}
    m_RemovedComponents: []
  m_SourcePrefab: {fileID: 100100000, guid: 4cfc70df7f317604687ebc57213d6c8d, type: 3}
--- !u!1 &441043975
GameObject:
  m_ObjectHideFlags: 0
  m_CorrespondingSourceObject: {fileID: 0}
  m_PrefabInstance: {fileID: 0}
  m_PrefabAsset: {fileID: 0}
  serializedVersion: 6
  m_Component:
  - component: {fileID: 441043977}
  - component: {fileID: 441043976}
  m_Layer: 0
  m_Name: Directional Light
  m_TagString: Untagged
  m_Icon: {fileID: 0}
  m_NavMeshLayer: 0
  m_StaticEditorFlags: 0
  m_IsActive: 1
--- !u!108 &441043976
Light:
  m_ObjectHideFlags: 0
  m_CorrespondingSourceObject: {fileID: 0}
  m_PrefabInstance: {fileID: 0}
  m_PrefabAsset: {fileID: 0}
  m_GameObject: {fileID: 441043975}
  m_Enabled: 1
  serializedVersion: 10
  m_Type: 1
  m_Shape: 0
  m_Color: {r: 1, g: 0.95686275, b: 0.8392157, a: 1}
  m_Intensity: 1
  m_Range: 10
  m_SpotAngle: 30
  m_InnerSpotAngle: 21.80208
  m_CookieSize: 10
  m_Shadows:
    m_Type: 2
    m_Resolution: -1
    m_CustomResolution: -1
    m_Strength: 1
    m_Bias: 0.05
    m_NormalBias: 0.4
    m_NearPlane: 0.2
    m_CullingMatrixOverride:
      e00: 1
      e01: 0
      e02: 0
      e03: 0
      e10: 0
      e11: 1
      e12: 0
      e13: 0
      e20: 0
      e21: 0
      e22: 1
      e23: 0
      e30: 0
      e31: 0
      e32: 0
      e33: 1
    m_UseCullingMatrixOverride: 0
  m_Cookie: {fileID: 0}
  m_DrawHalo: 0
  m_Flare: {fileID: 0}
  m_RenderMode: 0
  m_CullingMask:
    serializedVersion: 2
    m_Bits: 4294967295
  m_RenderingLayerMask: 1
  m_Lightmapping: 4
  m_LightShadowCasterMode: 0
  m_AreaSize: {x: 1, y: 1}
  m_BounceIntensity: 1
  m_ColorTemperature: 6570
  m_UseColorTemperature: 0
  m_BoundingSphereOverride: {x: 0, y: 0, z: 0, w: 0}
  m_UseBoundingSphereOverride: 0
  m_UseViewFrustumForShadowCasterCull: 1
  m_ShadowRadius: 0
  m_ShadowAngle: 0
--- !u!4 &441043977
Transform:
  m_ObjectHideFlags: 0
  m_CorrespondingSourceObject: {fileID: 0}
  m_PrefabInstance: {fileID: 0}
  m_PrefabAsset: {fileID: 0}
  m_GameObject: {fileID: 441043975}
  m_LocalRotation: {x: 0.40821788, y: -0.23456968, z: 0.10938163, w: 0.8754261}
  m_LocalPosition: {x: 0, y: 3, z: 0}
  m_LocalScale: {x: 1, y: 1, z: 1}
  m_ConstrainProportionsScale: 0
  m_Children: []
  m_Father: {fileID: 0}
  m_RootOrder: 1
  m_LocalEulerAnglesHint: {x: 50, y: -30, z: 0}
--- !u!1 &565213270
GameObject:
  m_ObjectHideFlags: 0
  m_CorrespondingSourceObject: {fileID: 0}
  m_PrefabInstance: {fileID: 0}
  m_PrefabAsset: {fileID: 0}
  serializedVersion: 6
  m_Component:
  - component: {fileID: 565213274}
  - component: {fileID: 565213273}
  - component: {fileID: 565213272}
  - component: {fileID: 565213271}
  m_Layer: 5
  m_Name: Canvas
  m_TagString: Untagged
  m_Icon: {fileID: 0}
  m_NavMeshLayer: 0
  m_StaticEditorFlags: 0
  m_IsActive: 1
--- !u!114 &565213271
MonoBehaviour:
  m_ObjectHideFlags: 0
  m_CorrespondingSourceObject: {fileID: 0}
  m_PrefabInstance: {fileID: 0}
  m_PrefabAsset: {fileID: 0}
  m_GameObject: {fileID: 565213270}
  m_Enabled: 1
  m_EditorHideFlags: 0
  m_Script: {fileID: 11500000, guid: dc42784cf147c0c48a680349fa168899, type: 3}
  m_Name: 
  m_EditorClassIdentifier: 
  m_IgnoreReversedGraphics: 1
  m_BlockingObjects: 0
  m_BlockingMask:
    serializedVersion: 2
    m_Bits: 4294967295
--- !u!114 &565213272
MonoBehaviour:
  m_ObjectHideFlags: 0
  m_CorrespondingSourceObject: {fileID: 0}
  m_PrefabInstance: {fileID: 0}
  m_PrefabAsset: {fileID: 0}
  m_GameObject: {fileID: 565213270}
  m_Enabled: 1
  m_EditorHideFlags: 0
  m_Script: {fileID: 11500000, guid: 0cd44c1031e13a943bb63640046fad76, type: 3}
  m_Name: 
  m_EditorClassIdentifier: 
  m_UiScaleMode: 0
  m_ReferencePixelsPerUnit: 100
  m_ScaleFactor: 1
  m_ReferenceResolution: {x: 800, y: 600}
  m_ScreenMatchMode: 0
  m_MatchWidthOrHeight: 0
  m_PhysicalUnit: 3
  m_FallbackScreenDPI: 96
  m_DefaultSpriteDPI: 96
  m_DynamicPixelsPerUnit: 1
  m_PresetInfoIsWorld: 0
--- !u!223 &565213273
Canvas:
  m_ObjectHideFlags: 0
  m_CorrespondingSourceObject: {fileID: 0}
  m_PrefabInstance: {fileID: 0}
  m_PrefabAsset: {fileID: 0}
  m_GameObject: {fileID: 565213270}
  m_Enabled: 1
  serializedVersion: 3
  m_RenderMode: 0
  m_Camera: {fileID: 0}
  m_PlaneDistance: 100
  m_PixelPerfect: 0
  m_ReceivesEvents: 1
  m_OverrideSorting: 0
  m_OverridePixelPerfect: 0
  m_SortingBucketNormalizedSize: 0
  m_AdditionalShaderChannelsFlag: 0
  m_SortingLayerID: 0
  m_SortingOrder: 0
  m_TargetDisplay: 0
--- !u!224 &565213274
RectTransform:
  m_ObjectHideFlags: 0
  m_CorrespondingSourceObject: {fileID: 0}
  m_PrefabInstance: {fileID: 0}
  m_PrefabAsset: {fileID: 0}
  m_GameObject: {fileID: 565213270}
  m_LocalRotation: {x: 0, y: 0, z: 0, w: 1}
  m_LocalPosition: {x: 0, y: 0, z: 0}
  m_LocalScale: {x: 0, y: 0, z: 0}
  m_ConstrainProportionsScale: 0
  m_Children:
  - {fileID: 255168520}
  m_Father: {fileID: 0}
  m_RootOrder: 4
  m_LocalEulerAnglesHint: {x: 0, y: 0, z: 0}
  m_AnchorMin: {x: 0, y: 0}
  m_AnchorMax: {x: 0, y: 0}
  m_AnchoredPosition: {x: 0, y: 0}
  m_SizeDelta: {x: 0, y: 0}
  m_Pivot: {x: 0, y: 0}
--- !u!1 &630174125
GameObject:
  m_ObjectHideFlags: 0
  m_CorrespondingSourceObject: {fileID: 0}
  m_PrefabInstance: {fileID: 0}
  m_PrefabAsset: {fileID: 0}
  serializedVersion: 6
  m_Component:
  - component: {fileID: 630174128}
  - component: {fileID: 630174127}
  - component: {fileID: 630174126}
  - component: {fileID: 630174129}
  m_Layer: 0
  m_Name: Camera
  m_TagString: MainCamera
  m_Icon: {fileID: 0}
  m_NavMeshLayer: 0
  m_StaticEditorFlags: 0
  m_IsActive: 1
--- !u!81 &630174126
AudioListener:
  m_ObjectHideFlags: 0
  m_CorrespondingSourceObject: {fileID: 0}
  m_PrefabInstance: {fileID: 0}
  m_PrefabAsset: {fileID: 0}
  m_GameObject: {fileID: 630174125}
  m_Enabled: 1
--- !u!20 &630174127
Camera:
  m_ObjectHideFlags: 0
  m_CorrespondingSourceObject: {fileID: 0}
  m_PrefabInstance: {fileID: 0}
  m_PrefabAsset: {fileID: 0}
  m_GameObject: {fileID: 630174125}
  m_Enabled: 1
  serializedVersion: 2
  m_ClearFlags: 1
  m_BackGroundColor: {r: 0.19215687, g: 0.3019608, b: 0.4745098, a: 0}
  m_projectionMatrixMode: 1
  m_GateFitMode: 2
  m_FOVAxisMode: 1
  m_SensorSize: {x: 36, y: 24}
  m_LensShift: {x: 0, y: 0}
  m_FocalLength: 50
  m_NormalizedViewPortRect:
    serializedVersion: 2
    x: 0
    y: 0
    width: 1
    height: 1
  near clip plane: 0.01
  far clip plane: 500
  field of view: 67.85726
  orthographic: 0
  orthographic size: 10
  m_Depth: -1
  m_CullingMask:
    serializedVersion: 2
    m_Bits: 4294967295
  m_RenderingPath: -1
  m_TargetTexture: {fileID: 0}
  m_TargetDisplay: 0
  m_TargetEye: 3
  m_HDR: 1
  m_AllowMSAA: 1
  m_AllowDynamicResolution: 0
  m_ForceIntoRT: 0
  m_OcclusionCulling: 1
  m_StereoConvergence: 10
  m_StereoSeparation: 0.022
--- !u!4 &630174128
Transform:
  m_ObjectHideFlags: 0
  m_CorrespondingSourceObject: {fileID: 0}
  m_PrefabInstance: {fileID: 0}
  m_PrefabAsset: {fileID: 0}
  m_GameObject: {fileID: 630174125}
  m_LocalRotation: {x: 0, y: -1, z: 0, w: 0}
  m_LocalPosition: {x: -4, y: 2.35313, z: 8}
  m_LocalScale: {x: 1, y: 1, z: 1}
  m_ConstrainProportionsScale: 0
  m_Children: []
  m_Father: {fileID: 0}
  m_RootOrder: 0
  m_LocalEulerAnglesHint: {x: 0, y: 0, z: 0}
--- !u!114 &630174129
MonoBehaviour:
  m_ObjectHideFlags: 0
  m_CorrespondingSourceObject: {fileID: 0}
  m_PrefabInstance: {fileID: 0}
  m_PrefabAsset: {fileID: 0}
  m_GameObject: {fileID: 630174125}
  m_Enabled: 1
  m_EditorHideFlags: 0
  m_Script: {fileID: 11500000, guid: 72ece51f2901e7445ab60da3685d6b5f, type: 3}
  m_Name: 
  m_EditorClassIdentifier: 
  m_ShowDebugText: 0
  m_ShowCameraFrustum: 1
  m_IgnoreTimeScale: 0
  m_WorldUpOverride: {fileID: 0}
  m_UpdateMethod: 2
  m_BlendUpdateMethod: 1
  m_DefaultBlend:
    m_Style: 1
    m_Time: 0.15
    m_CustomCurve:
      serializedVersion: 2
      m_Curve: []
      m_PreInfinity: 2
      m_PostInfinity: 2
      m_RotationOrder: 4
  m_CustomBlends: {fileID: 0}
  m_CameraCutEvent:
    m_PersistentCalls:
      m_Calls: []
  m_CameraActivatedEvent:
    m_PersistentCalls:
      m_Calls: []
--- !u!1001 &707854168
PrefabInstance:
  m_ObjectHideFlags: 0
  serializedVersion: 2
  m_Modification:
    m_TransformParent: {fileID: 0}
    m_Modifications:
    - target: {fileID: 6191978435020164410, guid: 42bf8d83f1810472e8ddba33e374d16a,
        type: 3}
      propertyPath: m_RootOrder
      value: 8
      objectReference: {fileID: 0}
    - target: {fileID: 6191978435020164410, guid: 42bf8d83f1810472e8ddba33e374d16a,
        type: 3}
      propertyPath: m_LocalScale.x
      value: 1.0000007
      objectReference: {fileID: 0}
    - target: {fileID: 6191978435020164410, guid: 42bf8d83f1810472e8ddba33e374d16a,
        type: 3}
      propertyPath: m_LocalScale.y
      value: 1.0000005
      objectReference: {fileID: 0}
    - target: {fileID: 6191978435020164410, guid: 42bf8d83f1810472e8ddba33e374d16a,
        type: 3}
      propertyPath: m_LocalScale.z
      value: 1.0000005
      objectReference: {fileID: 0}
    - target: {fileID: 6191978435020164410, guid: 42bf8d83f1810472e8ddba33e374d16a,
        type: 3}
      propertyPath: m_LocalPosition.x
      value: 0.05900097
      objectReference: {fileID: 0}
    - target: {fileID: 6191978435020164410, guid: 42bf8d83f1810472e8ddba33e374d16a,
        type: 3}
      propertyPath: m_LocalPosition.y
      value: 0.8500001
      objectReference: {fileID: 0}
    - target: {fileID: 6191978435020164410, guid: 42bf8d83f1810472e8ddba33e374d16a,
        type: 3}
      propertyPath: m_LocalPosition.z
      value: 4.836999
      objectReference: {fileID: 0}
    - target: {fileID: 6191978435020164410, guid: 42bf8d83f1810472e8ddba33e374d16a,
        type: 3}
      propertyPath: m_LocalRotation.w
      value: 0.41373506
      objectReference: {fileID: 0}
    - target: {fileID: 6191978435020164410, guid: 42bf8d83f1810472e8ddba33e374d16a,
        type: 3}
      propertyPath: m_LocalRotation.x
      value: -0.57343113
      objectReference: {fileID: 0}
    - target: {fileID: 6191978435020164410, guid: 42bf8d83f1810472e8ddba33e374d16a,
        type: 3}
      propertyPath: m_LocalRotation.y
      value: -0.57343125
      objectReference: {fileID: 0}
    - target: {fileID: 6191978435020164410, guid: 42bf8d83f1810472e8ddba33e374d16a,
        type: 3}
      propertyPath: m_LocalRotation.z
      value: 0.41373506
      objectReference: {fileID: 0}
    - target: {fileID: 6191978435020164410, guid: 42bf8d83f1810472e8ddba33e374d16a,
        type: 3}
      propertyPath: m_LocalEulerAnglesHint.x
      value: 0
      objectReference: {fileID: 0}
    - target: {fileID: 6191978435020164410, guid: 42bf8d83f1810472e8ddba33e374d16a,
        type: 3}
      propertyPath: m_LocalEulerAnglesHint.y
      value: -108.379
      objectReference: {fileID: 0}
    - target: {fileID: 6191978435020164410, guid: 42bf8d83f1810472e8ddba33e374d16a,
        type: 3}
      propertyPath: m_LocalEulerAnglesHint.z
      value: 90
      objectReference: {fileID: 0}
    - target: {fileID: 6191978435020460314, guid: 42bf8d83f1810472e8ddba33e374d16a,
        type: 3}
      propertyPath: m_Name
      value: Ak-47
      objectReference: {fileID: 0}
    m_RemovedComponents: []
  m_SourcePrefab: {fileID: 100100000, guid: 42bf8d83f1810472e8ddba33e374d16a, type: 3}
--- !u!1 &762948535
GameObject:
  m_ObjectHideFlags: 0
  m_CorrespondingSourceObject: {fileID: 0}
  m_PrefabInstance: {fileID: 0}
  m_PrefabAsset: {fileID: 0}
  serializedVersion: 6
  m_Component:
  - component: {fileID: 762948539}
  - component: {fileID: 762948538}
  - component: {fileID: 762948537}
  - component: {fileID: 762948536}
  m_Layer: 0
  m_Name: Stand
  m_TagString: Metal
  m_Icon: {fileID: 0}
  m_NavMeshLayer: 0
  m_StaticEditorFlags: 0
  m_IsActive: 1
--- !u!65 &762948536
BoxCollider:
  m_ObjectHideFlags: 0
  m_CorrespondingSourceObject: {fileID: 0}
  m_PrefabInstance: {fileID: 0}
  m_PrefabAsset: {fileID: 0}
  m_GameObject: {fileID: 762948535}
  m_Material: {fileID: 0}
  m_IsTrigger: 0
  m_Enabled: 1
  serializedVersion: 2
  m_Size: {x: 1, y: 1, z: 1}
  m_Center: {x: 0, y: 0, z: 0}
--- !u!23 &762948537
MeshRenderer:
  m_ObjectHideFlags: 0
  m_CorrespondingSourceObject: {fileID: 0}
  m_PrefabInstance: {fileID: 0}
  m_PrefabAsset: {fileID: 0}
  m_GameObject: {fileID: 762948535}
  m_Enabled: 1
  m_CastShadows: 1
  m_ReceiveShadows: 1
  m_DynamicOccludee: 1
  m_StaticShadowCaster: 0
  m_MotionVectors: 1
  m_LightProbeUsage: 1
  m_ReflectionProbeUsage: 1
  m_RayTracingMode: 2
  m_RayTraceProcedural: 0
  m_RenderingLayerMask: 1
  m_RendererPriority: 0
  m_Materials:
  - {fileID: 10303, guid: 0000000000000000f000000000000000, type: 0}
  m_StaticBatchInfo:
    firstSubMesh: 0
    subMeshCount: 0
  m_StaticBatchRoot: {fileID: 0}
  m_ProbeAnchor: {fileID: 0}
  m_LightProbeVolumeOverride: {fileID: 0}
  m_ScaleInLightmap: 1
  m_ReceiveGI: 1
  m_PreserveUVs: 0
  m_IgnoreNormalsForChartDetection: 0
  m_ImportantGI: 0
  m_StitchLightmapSeams: 1
  m_SelectedEditorRenderState: 3
  m_MinimumChartSize: 4
  m_AutoUVMaxDistance: 0.5
  m_AutoUVMaxAngle: 89
  m_LightmapParameters: {fileID: 0}
  m_SortingLayerID: 0
  m_SortingLayer: 0
  m_SortingOrder: 0
  m_AdditionalVertexStreams: {fileID: 0}
--- !u!33 &762948538
MeshFilter:
  m_ObjectHideFlags: 0
  m_CorrespondingSourceObject: {fileID: 0}
  m_PrefabInstance: {fileID: 0}
  m_PrefabAsset: {fileID: 0}
  m_GameObject: {fileID: 762948535}
  m_Mesh: {fileID: 10202, guid: 0000000000000000e000000000000000, type: 0}
--- !u!4 &762948539
Transform:
  m_ObjectHideFlags: 0
  m_CorrespondingSourceObject: {fileID: 0}
  m_PrefabInstance: {fileID: 0}
  m_PrefabAsset: {fileID: 0}
  m_GameObject: {fileID: 762948535}
  m_LocalRotation: {x: 0, y: 0, z: 0, w: 1}
  m_LocalPosition: {x: 0, y: 0.26, z: 3.759}
  m_LocalScale: {x: 1.5957713, y: 1.0707, z: 3.8503447}
  m_ConstrainProportionsScale: 0
  m_Children: []
  m_Father: {fileID: 0}
  m_RootOrder: 9
  m_LocalEulerAnglesHint: {x: 0, y: 0, z: 0}
--- !u!1 &1529000136
GameObject:
  m_ObjectHideFlags: 0
  m_CorrespondingSourceObject: {fileID: 0}
  m_PrefabInstance: {fileID: 0}
  m_PrefabAsset: {fileID: 0}
  serializedVersion: 6
  m_Component:
  - component: {fileID: 1529000140}
  - component: {fileID: 1529000139}
  - component: {fileID: 1529000138}
  - component: {fileID: 1529000137}
  m_Layer: 9
  m_Name: Plane
  m_TagString: Untagged
  m_Icon: {fileID: 0}
  m_NavMeshLayer: 0
  m_StaticEditorFlags: 0
  m_IsActive: 1
--- !u!64 &1529000137
MeshCollider:
  m_ObjectHideFlags: 0
  m_CorrespondingSourceObject: {fileID: 0}
  m_PrefabInstance: {fileID: 0}
  m_PrefabAsset: {fileID: 0}
  m_GameObject: {fileID: 1529000136}
  m_Material: {fileID: 0}
  m_IsTrigger: 0
  m_Enabled: 1
  serializedVersion: 4
  m_Convex: 0
  m_CookingOptions: 30
  m_Mesh: {fileID: 10209, guid: 0000000000000000e000000000000000, type: 0}
--- !u!23 &1529000138
MeshRenderer:
  m_ObjectHideFlags: 0
  m_CorrespondingSourceObject: {fileID: 0}
  m_PrefabInstance: {fileID: 0}
  m_PrefabAsset: {fileID: 0}
  m_GameObject: {fileID: 1529000136}
  m_Enabled: 1
  m_CastShadows: 1
  m_ReceiveShadows: 1
  m_DynamicOccludee: 1
  m_StaticShadowCaster: 0
  m_MotionVectors: 1
  m_LightProbeUsage: 1
  m_ReflectionProbeUsage: 1
  m_RayTracingMode: 2
  m_RayTraceProcedural: 0
  m_RenderingLayerMask: 1
  m_RendererPriority: 0
  m_Materials:
  - {fileID: 2100000, guid: e7336c2c46c86f54b9ad60ce08b10dec, type: 2}
  m_StaticBatchInfo:
    firstSubMesh: 0
    subMeshCount: 0
  m_StaticBatchRoot: {fileID: 0}
  m_ProbeAnchor: {fileID: 0}
  m_LightProbeVolumeOverride: {fileID: 0}
  m_ScaleInLightmap: 1
  m_ReceiveGI: 1
  m_PreserveUVs: 0
  m_IgnoreNormalsForChartDetection: 0
  m_ImportantGI: 0
  m_StitchLightmapSeams: 1
  m_SelectedEditorRenderState: 3
  m_MinimumChartSize: 4
  m_AutoUVMaxDistance: 0.5
  m_AutoUVMaxAngle: 89
  m_LightmapParameters: {fileID: 0}
  m_SortingLayerID: 0
  m_SortingLayer: 0
  m_SortingOrder: 0
  m_AdditionalVertexStreams: {fileID: 0}
--- !u!33 &1529000139
MeshFilter:
  m_ObjectHideFlags: 0
  m_CorrespondingSourceObject: {fileID: 0}
  m_PrefabInstance: {fileID: 0}
  m_PrefabAsset: {fileID: 0}
  m_GameObject: {fileID: 1529000136}
  m_Mesh: {fileID: 10209, guid: 0000000000000000e000000000000000, type: 0}
--- !u!4 &1529000140
Transform:
  m_ObjectHideFlags: 0
  m_CorrespondingSourceObject: {fileID: 0}
  m_PrefabInstance: {fileID: 0}
  m_PrefabAsset: {fileID: 0}
  m_GameObject: {fileID: 1529000136}
  m_LocalRotation: {x: 0, y: 0, z: 0, w: 1}
  m_LocalPosition: {x: 0, y: 0, z: 0}
  m_LocalScale: {x: 15.513, y: 15.513, z: 15.513}
  m_ConstrainProportionsScale: 0
  m_Children: []
  m_Father: {fileID: 0}
  m_RootOrder: 3
  m_LocalEulerAnglesHint: {x: 0, y: 0, z: 0}
--- !u!1001 &7761701356617085741
PrefabInstance:
  m_ObjectHideFlags: 0
  serializedVersion: 2
  m_Modification:
    m_TransformParent: {fileID: 0}
    m_Modifications:
    - target: {fileID: 379304211002534538, guid: 83684c1ce96e67f4590ff456bceb1fc9,
        type: 3}
      propertyPath: m_LocalEulerAnglesHint.x
      value: 35.868896
      objectReference: {fileID: 0}
    - target: {fileID: 379304211002534538, guid: 83684c1ce96e67f4590ff456bceb1fc9,
        type: 3}
      propertyPath: m_LocalEulerAnglesHint.y
      value: -41.334553
      objectReference: {fileID: 0}
    - target: {fileID: 379304211002534538, guid: 83684c1ce96e67f4590ff456bceb1fc9,
        type: 3}
      propertyPath: m_LocalEulerAnglesHint.z
      value: -47.086105
      objectReference: {fileID: 0}
    - target: {fileID: 513169779228904135, guid: 83684c1ce96e67f4590ff456bceb1fc9,
        type: 3}
      propertyPath: m_LocalEulerAnglesHint.x
      value: 15.678294
      objectReference: {fileID: 0}
    - target: {fileID: 513169779228904135, guid: 83684c1ce96e67f4590ff456bceb1fc9,
        type: 3}
      propertyPath: m_LocalEulerAnglesHint.y
      value: -0.49312
      objectReference: {fileID: 0}
    - target: {fileID: 513169779228904135, guid: 83684c1ce96e67f4590ff456bceb1fc9,
        type: 3}
      propertyPath: m_LocalEulerAnglesHint.z
      value: -2.2281709
      objectReference: {fileID: 0}
    - target: {fileID: 552967548936455878, guid: 83684c1ce96e67f4590ff456bceb1fc9,
        type: 3}
      propertyPath: m_LocalEulerAnglesHint.x
      value: 31.90126
      objectReference: {fileID: 0}
    - target: {fileID: 552967548936455878, guid: 83684c1ce96e67f4590ff456bceb1fc9,
        type: 3}
      propertyPath: m_LocalEulerAnglesHint.y
      value: 21.52621
      objectReference: {fileID: 0}
    - target: {fileID: 552967548936455878, guid: 83684c1ce96e67f4590ff456bceb1fc9,
        type: 3}
      propertyPath: m_LocalEulerAnglesHint.z
      value: 26.504517
      objectReference: {fileID: 0}
    - target: {fileID: 637868646896355047, guid: 83684c1ce96e67f4590ff456bceb1fc9,
        type: 3}
      propertyPath: m_LocalEulerAnglesHint.x
      value: 59.71756
      objectReference: {fileID: 0}
    - target: {fileID: 637868646896355047, guid: 83684c1ce96e67f4590ff456bceb1fc9,
        type: 3}
      propertyPath: m_LocalEulerAnglesHint.y
      value: -0.4855041
      objectReference: {fileID: 0}
    - target: {fileID: 637868646896355047, guid: 83684c1ce96e67f4590ff456bceb1fc9,
        type: 3}
      propertyPath: m_LocalEulerAnglesHint.z
      value: 3.7132583
      objectReference: {fileID: 0}
    - target: {fileID: 1134900094779899336, guid: 83684c1ce96e67f4590ff456bceb1fc9,
        type: 3}
      propertyPath: m_LocalEulerAnglesHint.x
      value: -1.3620738
      objectReference: {fileID: 0}
    - target: {fileID: 1134900094779899336, guid: 83684c1ce96e67f4590ff456bceb1fc9,
        type: 3}
      propertyPath: m_LocalEulerAnglesHint.y
      value: 3.8517957
      objectReference: {fileID: 0}
    - target: {fileID: 1134900094779899336, guid: 83684c1ce96e67f4590ff456bceb1fc9,
        type: 3}
      propertyPath: m_LocalEulerAnglesHint.z
      value: 0.067800336
      objectReference: {fileID: 0}
    - target: {fileID: 1219713742899642947, guid: 83684c1ce96e67f4590ff456bceb1fc9,
        type: 3}
      propertyPath: m_LocalEulerAnglesHint.x
      value: 19.568281
      objectReference: {fileID: 0}
    - target: {fileID: 1219713742899642947, guid: 83684c1ce96e67f4590ff456bceb1fc9,
        type: 3}
      propertyPath: m_LocalEulerAnglesHint.y
      value: -0.29064935
      objectReference: {fileID: 0}
    - target: {fileID: 1219713742899642947, guid: 83684c1ce96e67f4590ff456bceb1fc9,
        type: 3}
      propertyPath: m_LocalEulerAnglesHint.z
      value: -1.7819206
      objectReference: {fileID: 0}
    - target: {fileID: 1365185452364105243, guid: 83684c1ce96e67f4590ff456bceb1fc9,
        type: 3}
      propertyPath: m_LocalEulerAnglesHint.x
      value: 53.210396
      objectReference: {fileID: 0}
    - target: {fileID: 1365185452364105243, guid: 83684c1ce96e67f4590ff456bceb1fc9,
        type: 3}
      propertyPath: m_LocalEulerAnglesHint.y
      value: 2.1584048
      objectReference: {fileID: 0}
    - target: {fileID: 1365185452364105243, guid: 83684c1ce96e67f4590ff456bceb1fc9,
        type: 3}
      propertyPath: m_LocalEulerAnglesHint.z
      value: 2.5026665
      objectReference: {fileID: 0}
    - target: {fileID: 1419073021253524117, guid: 83684c1ce96e67f4590ff456bceb1fc9,
        type: 3}
      propertyPath: m_LocalEulerAnglesHint.x
      value: 81.89952
      objectReference: {fileID: 0}
    - target: {fileID: 1419073021253524117, guid: 83684c1ce96e67f4590ff456bceb1fc9,
        type: 3}
      propertyPath: m_LocalEulerAnglesHint.y
      value: -131.68271
      objectReference: {fileID: 0}
    - target: {fileID: 1419073021253524117, guid: 83684c1ce96e67f4590ff456bceb1fc9,
        type: 3}
      propertyPath: m_LocalEulerAnglesHint.z
      value: -137.66664
      objectReference: {fileID: 0}
    - target: {fileID: 1514706315080367850, guid: 83684c1ce96e67f4590ff456bceb1fc9,
        type: 3}
      propertyPath: m_LocalEulerAnglesHint.x
      value: 25.936495
      objectReference: {fileID: 0}
    - target: {fileID: 1514706315080367850, guid: 83684c1ce96e67f4590ff456bceb1fc9,
        type: 3}
      propertyPath: m_LocalEulerAnglesHint.y
      value: 0.74595785
      objectReference: {fileID: 0}
    - target: {fileID: 1514706315080367850, guid: 83684c1ce96e67f4590ff456bceb1fc9,
        type: 3}
      propertyPath: m_LocalEulerAnglesHint.z
      value: 3.2496245
      objectReference: {fileID: 0}
    - target: {fileID: 1544644805080767754, guid: 83684c1ce96e67f4590ff456bceb1fc9,
        type: 3}
      propertyPath: m_LocalEulerAnglesHint.x
      value: -3.3671203
      objectReference: {fileID: 0}
    - target: {fileID: 1544644805080767754, guid: 83684c1ce96e67f4590ff456bceb1fc9,
        type: 3}
      propertyPath: m_LocalEulerAnglesHint.y
      value: 1.0249441
      objectReference: {fileID: 0}
    - target: {fileID: 1544644805080767754, guid: 83684c1ce96e67f4590ff456bceb1fc9,
        type: 3}
      propertyPath: m_LocalEulerAnglesHint.z
      value: 1.0563196
      objectReference: {fileID: 0}
    - target: {fileID: 1725266675895507084, guid: 83684c1ce96e67f4590ff456bceb1fc9,
        type: 3}
      propertyPath: m_LocalEulerAnglesHint.x
      value: 69.77236
      objectReference: {fileID: 0}
    - target: {fileID: 1725266675895507084, guid: 83684c1ce96e67f4590ff456bceb1fc9,
        type: 3}
      propertyPath: m_LocalEulerAnglesHint.y
      value: -159.88155
      objectReference: {fileID: 0}
    - target: {fileID: 1725266675895507084, guid: 83684c1ce96e67f4590ff456bceb1fc9,
        type: 3}
      propertyPath: m_LocalEulerAnglesHint.z
      value: -165.87126
      objectReference: {fileID: 0}
    - target: {fileID: 1727558800322575098, guid: 83684c1ce96e67f4590ff456bceb1fc9,
        type: 3}
      propertyPath: m_LocalEulerAnglesHint.x
      value: -5.9412017
      objectReference: {fileID: 0}
    - target: {fileID: 1727558800322575098, guid: 83684c1ce96e67f4590ff456bceb1fc9,
        type: 3}
      propertyPath: m_LocalEulerAnglesHint.y
      value: -0.05485542
      objectReference: {fileID: 0}
    - target: {fileID: 1727558800322575098, guid: 83684c1ce96e67f4590ff456bceb1fc9,
        type: 3}
      propertyPath: m_LocalEulerAnglesHint.z
      value: 3.1312084
      objectReference: {fileID: 0}
    - target: {fileID: 1760414503218562691, guid: 83684c1ce96e67f4590ff456bceb1fc9,
        type: 3}
      propertyPath: m_LocalPosition.x
      value: 0.000000060469134
      objectReference: {fileID: 0}
    - target: {fileID: 1760414503218562691, guid: 83684c1ce96e67f4590ff456bceb1fc9,
        type: 3}
      propertyPath: m_LocalPosition.y
      value: 0.0000001467184
      objectReference: {fileID: 0}
    - target: {fileID: 1760414503218562691, guid: 83684c1ce96e67f4590ff456bceb1fc9,
        type: 3}
      propertyPath: m_LocalPosition.z
      value: 0.0000004371618
      objectReference: {fileID: 0}
    - target: {fileID: 1760414503218562691, guid: 83684c1ce96e67f4590ff456bceb1fc9,
        type: 3}
      propertyPath: m_LocalRotation.x
      value: -0.000000029802312
      objectReference: {fileID: 0}
    - target: {fileID: 1760414503218562691, guid: 83684c1ce96e67f4590ff456bceb1fc9,
        type: 3}
      propertyPath: m_LocalRotation.y
      value: -0.000000029802312
      objectReference: {fileID: 0}
    - target: {fileID: 1760414503218562691, guid: 83684c1ce96e67f4590ff456bceb1fc9,
        type: 3}
      propertyPath: m_LocalRotation.z
      value: -0
      objectReference: {fileID: 0}
    - target: {fileID: 2231361215136513235, guid: 83684c1ce96e67f4590ff456bceb1fc9,
        type: 3}
      propertyPath: m_LocalEulerAnglesHint.x
      value: 5.5236893
      objectReference: {fileID: 0}
    - target: {fileID: 2231361215136513235, guid: 83684c1ce96e67f4590ff456bceb1fc9,
        type: 3}
      propertyPath: m_LocalEulerAnglesHint.y
      value: -0.02104785
      objectReference: {fileID: 0}
    - target: {fileID: 2231361215136513235, guid: 83684c1ce96e67f4590ff456bceb1fc9,
        type: 3}
      propertyPath: m_LocalEulerAnglesHint.z
      value: -0.40862182
      objectReference: {fileID: 0}
    - target: {fileID: 2775622573973079966, guid: 83684c1ce96e67f4590ff456bceb1fc9,
        type: 3}
      propertyPath: m_LocalEulerAnglesHint.x
      value: 42.548756
      objectReference: {fileID: 0}
    - target: {fileID: 2775622573973079966, guid: 83684c1ce96e67f4590ff456bceb1fc9,
        type: 3}
      propertyPath: m_LocalEulerAnglesHint.y
      value: 0.89586455
      objectReference: {fileID: 0}
    - target: {fileID: 2775622573973079966, guid: 83684c1ce96e67f4590ff456bceb1fc9,
        type: 3}
      propertyPath: m_LocalEulerAnglesHint.z
      value: -5.6149683
      objectReference: {fileID: 0}
    - target: {fileID: 3164351620684809894, guid: 83684c1ce96e67f4590ff456bceb1fc9,
        type: 3}
      propertyPath: m_LocalEulerAnglesHint.x
      value: 57.69076
      objectReference: {fileID: 0}
    - target: {fileID: 3164351620684809894, guid: 83684c1ce96e67f4590ff456bceb1fc9,
        type: 3}
      propertyPath: m_LocalEulerAnglesHint.y
      value: 0.82099974
      objectReference: {fileID: 0}
    - target: {fileID: 3164351620684809894, guid: 83684c1ce96e67f4590ff456bceb1fc9,
        type: 3}
      propertyPath: m_LocalEulerAnglesHint.z
      value: -0.5510893
      objectReference: {fileID: 0}
    - target: {fileID: 3343461585552290440, guid: 83684c1ce96e67f4590ff456bceb1fc9,
        type: 3}
      propertyPath: m_LocalEulerAnglesHint.x
      value: 61.914867
      objectReference: {fileID: 0}
    - target: {fileID: 3343461585552290440, guid: 83684c1ce96e67f4590ff456bceb1fc9,
        type: 3}
      propertyPath: m_LocalEulerAnglesHint.y
      value: -6.0384784
      objectReference: {fileID: 0}
    - target: {fileID: 3343461585552290440, guid: 83684c1ce96e67f4590ff456bceb1fc9,
        type: 3}
      propertyPath: m_LocalEulerAnglesHint.z
      value: -9.896777
      objectReference: {fileID: 0}
    - target: {fileID: 3550833979941040112, guid: 83684c1ce96e67f4590ff456bceb1fc9,
        type: 3}
      propertyPath: m_LocalEulerAnglesHint.x
      value: 55.779602
      objectReference: {fileID: 0}
    - target: {fileID: 3550833979941040112, guid: 83684c1ce96e67f4590ff456bceb1fc9,
        type: 3}
      propertyPath: m_LocalEulerAnglesHint.y
      value: 0.55950713
      objectReference: {fileID: 0}
    - target: {fileID: 3550833979941040112, guid: 83684c1ce96e67f4590ff456bceb1fc9,
        type: 3}
      propertyPath: m_LocalEulerAnglesHint.z
      value: -0.30985683
      objectReference: {fileID: 0}
    - target: {fileID: 3590489545588722527, guid: 83684c1ce96e67f4590ff456bceb1fc9,
        type: 3}
      propertyPath: m_LocalEulerAnglesHint.x
      value: -3.7077684
      objectReference: {fileID: 0}
    - target: {fileID: 3590489545588722527, guid: 83684c1ce96e67f4590ff456bceb1fc9,
        type: 3}
      propertyPath: m_LocalEulerAnglesHint.y
      value: -0.1731194
      objectReference: {fileID: 0}
    - target: {fileID: 3590489545588722527, guid: 83684c1ce96e67f4590ff456bceb1fc9,
        type: 3}
      propertyPath: m_LocalEulerAnglesHint.z
      value: 12.2015
      objectReference: {fileID: 0}
    - target: {fileID: 3814532861419767157, guid: 83684c1ce96e67f4590ff456bceb1fc9,
        type: 3}
      propertyPath: m_LocalPosition.x
      value: -0.132
      objectReference: {fileID: 0}
    - target: {fileID: 3814532861419767157, guid: 83684c1ce96e67f4590ff456bceb1fc9,
        type: 3}
      propertyPath: m_LocalPosition.y
      value: -0.007
      objectReference: {fileID: 0}
    - target: {fileID: 3814532861419767157, guid: 83684c1ce96e67f4590ff456bceb1fc9,
        type: 3}
      propertyPath: m_LocalPosition.z
      value: 0.022
      objectReference: {fileID: 0}
    - target: {fileID: 3814532861419767157, guid: 83684c1ce96e67f4590ff456bceb1fc9,
        type: 3}
      propertyPath: m_LocalRotation.w
      value: -0.54254454
      objectReference: {fileID: 0}
    - target: {fileID: 3814532861419767157, guid: 83684c1ce96e67f4590ff456bceb1fc9,
        type: 3}
      propertyPath: m_LocalRotation.x
      value: 0.39527243
      objectReference: {fileID: 0}
    - target: {fileID: 3814532861419767157, guid: 83684c1ce96e67f4590ff456bceb1fc9,
        type: 3}
      propertyPath: m_LocalRotation.y
      value: 0.57008463
      objectReference: {fileID: 0}
    - target: {fileID: 3814532861419767157, guid: 83684c1ce96e67f4590ff456bceb1fc9,
        type: 3}
      propertyPath: m_LocalRotation.z
      value: 0.473718
      objectReference: {fileID: 0}
    - target: {fileID: 3814532861419767157, guid: 83684c1ce96e67f4590ff456bceb1fc9,
        type: 3}
      propertyPath: m_LocalEulerAnglesHint.x
      value: -104.298
      objectReference: {fileID: 0}
    - target: {fileID: 3814532861419767157, guid: 83684c1ce96e67f4590ff456bceb1fc9,
        type: 3}
      propertyPath: m_LocalEulerAnglesHint.y
      value: 98.74
      objectReference: {fileID: 0}
    - target: {fileID: 3814532861419767157, guid: 83684c1ce96e67f4590ff456bceb1fc9,
        type: 3}
      propertyPath: m_LocalEulerAnglesHint.z
      value: 165.137
      objectReference: {fileID: 0}
    - target: {fileID: 3945244300469542330, guid: 83684c1ce96e67f4590ff456bceb1fc9,
        type: 3}
      propertyPath: m_LocalEulerAnglesHint.x
      value: 23.12624
      objectReference: {fileID: 0}
    - target: {fileID: 3945244300469542330, guid: 83684c1ce96e67f4590ff456bceb1fc9,
        type: 3}
      propertyPath: m_LocalEulerAnglesHint.y
      value: -25.863539
      objectReference: {fileID: 0}
    - target: {fileID: 3945244300469542330, guid: 83684c1ce96e67f4590ff456bceb1fc9,
        type: 3}
      propertyPath: m_LocalEulerAnglesHint.z
      value: -14.638896
      objectReference: {fileID: 0}
    - target: {fileID: 3987569591719918041, guid: 83684c1ce96e67f4590ff456bceb1fc9,
        type: 3}
      propertyPath: m_LocalEulerAnglesHint.x
      value: 13.581129
      objectReference: {fileID: 0}
    - target: {fileID: 3987569591719918041, guid: 83684c1ce96e67f4590ff456bceb1fc9,
        type: 3}
      propertyPath: m_LocalEulerAnglesHint.y
      value: 0.17447352
      objectReference: {fileID: 0}
    - target: {fileID: 3987569591719918041, guid: 83684c1ce96e67f4590ff456bceb1fc9,
        type: 3}
      propertyPath: m_LocalEulerAnglesHint.z
      value: 1.5432289
      objectReference: {fileID: 0}
    - target: {fileID: 3990916479534617977, guid: 83684c1ce96e67f4590ff456bceb1fc9,
        type: 3}
      propertyPath: m_LocalEulerAnglesHint.x
      value: 61.089268
      objectReference: {fileID: 0}
    - target: {fileID: 3990916479534617977, guid: 83684c1ce96e67f4590ff456bceb1fc9,
        type: 3}
      propertyPath: m_LocalEulerAnglesHint.y
      value: 7.3719573
      objectReference: {fileID: 0}
    - target: {fileID: 3990916479534617977, guid: 83684c1ce96e67f4590ff456bceb1fc9,
        type: 3}
      propertyPath: m_LocalEulerAnglesHint.z
      value: 12.480156
      objectReference: {fileID: 0}
    - target: {fileID: 4014471546940054398, guid: 83684c1ce96e67f4590ff456bceb1fc9,
        type: 3}
      propertyPath: m_LocalEulerAnglesHint.x
      value: -23.623556
      objectReference: {fileID: 0}
    - target: {fileID: 4014471546940054398, guid: 83684c1ce96e67f4590ff456bceb1fc9,
        type: 3}
      propertyPath: m_LocalEulerAnglesHint.y
      value: 1.094878
      objectReference: {fileID: 0}
    - target: {fileID: 4014471546940054398, guid: 83684c1ce96e67f4590ff456bceb1fc9,
        type: 3}
      propertyPath: m_LocalEulerAnglesHint.z
      value: 176.22061
      objectReference: {fileID: 0}
    - target: {fileID: 4074843919418452826, guid: 83684c1ce96e67f4590ff456bceb1fc9,
        type: 3}
      propertyPath: m_LocalEulerAnglesHint.x
      value: -5.5069885
      objectReference: {fileID: 0}
    - target: {fileID: 4074843919418452826, guid: 83684c1ce96e67f4590ff456bceb1fc9,
        type: 3}
      propertyPath: m_LocalEulerAnglesHint.y
      value: 21.62689
      objectReference: {fileID: 0}
    - target: {fileID: 4074843919418452826, guid: 83684c1ce96e67f4590ff456bceb1fc9,
        type: 3}
      propertyPath: m_LocalEulerAnglesHint.z
      value: -20.00079
      objectReference: {fileID: 0}
    - target: {fileID: 4151868057521085076, guid: 83684c1ce96e67f4590ff456bceb1fc9,
        type: 3}
      propertyPath: m_LocalPosition.x
      value: 0.07080386
      objectReference: {fileID: 0}
    - target: {fileID: 4151868057521085076, guid: 83684c1ce96e67f4590ff456bceb1fc9,
        type: 3}
      propertyPath: m_LocalPosition.y
      value: 0.1245503
      objectReference: {fileID: 0}
    - target: {fileID: 4151868057521085076, guid: 83684c1ce96e67f4590ff456bceb1fc9,
        type: 3}
      propertyPath: m_LocalPosition.z
      value: -0.002174138
      objectReference: {fileID: 0}
    - target: {fileID: 4151868057521085076, guid: 83684c1ce96e67f4590ff456bceb1fc9,
        type: 3}
      propertyPath: m_LocalRotation.w
      value: -0.42684913
      objectReference: {fileID: 0}
    - target: {fileID: 4151868057521085076, guid: 83684c1ce96e67f4590ff456bceb1fc9,
        type: 3}
      propertyPath: m_LocalRotation.x
      value: -0.55020285
      objectReference: {fileID: 0}
    - target: {fileID: 4151868057521085076, guid: 83684c1ce96e67f4590ff456bceb1fc9,
        type: 3}
      propertyPath: m_LocalRotation.y
      value: -0.4398053
      objectReference: {fileID: 0}
    - target: {fileID: 4151868057521085076, guid: 83684c1ce96e67f4590ff456bceb1fc9,
        type: 3}
      propertyPath: m_LocalRotation.z
      value: 0.56714016
      objectReference: {fileID: 0}
    - target: {fileID: 4151868057521085076, guid: 83684c1ce96e67f4590ff456bceb1fc9,
        type: 3}
      propertyPath: m_LocalEulerAnglesHint.x
      value: 55.454617
      objectReference: {fileID: 0}
    - target: {fileID: 4151868057521085076, guid: 83684c1ce96e67f4590ff456bceb1fc9,
        type: 3}
      propertyPath: m_LocalEulerAnglesHint.y
      value: -33.83301
      objectReference: {fileID: 0}
    - target: {fileID: 4151868057521085076, guid: 83684c1ce96e67f4590ff456bceb1fc9,
        type: 3}
      propertyPath: m_LocalEulerAnglesHint.z
      value: -131.4567
      objectReference: {fileID: 0}
    - target: {fileID: 4398595949984812610, guid: 83684c1ce96e67f4590ff456bceb1fc9,
        type: 3}
      propertyPath: m_LocalEulerAnglesHint.x
      value: -21.70851
      objectReference: {fileID: 0}
    - target: {fileID: 4398595949984812610, guid: 83684c1ce96e67f4590ff456bceb1fc9,
        type: 3}
      propertyPath: m_LocalEulerAnglesHint.y
      value: 1.3052248
      objectReference: {fileID: 0}
    - target: {fileID: 4398595949984812610, guid: 83684c1ce96e67f4590ff456bceb1fc9,
        type: 3}
      propertyPath: m_LocalEulerAnglesHint.z
      value: 1.4934745
      objectReference: {fileID: 0}
    - target: {fileID: 4574491614760614719, guid: 83684c1ce96e67f4590ff456bceb1fc9,
        type: 3}
      propertyPath: m_LocalEulerAnglesHint.x
      value: 40.741577
      objectReference: {fileID: 0}
    - target: {fileID: 4574491614760614719, guid: 83684c1ce96e67f4590ff456bceb1fc9,
        type: 3}
      propertyPath: m_LocalEulerAnglesHint.y
      value: 0.00000032529468
      objectReference: {fileID: 0}
    - target: {fileID: 4574491614760614719, guid: 83684c1ce96e67f4590ff456bceb1fc9,
        type: 3}
      propertyPath: m_LocalEulerAnglesHint.z
      value: -0.0000006958136
      objectReference: {fileID: 0}
    - target: {fileID: 4587854143578899115, guid: 83684c1ce96e67f4590ff456bceb1fc9,
        type: 3}
      propertyPath: m_LocalEulerAnglesHint.x
      value: 44.65165
      objectReference: {fileID: 0}
    - target: {fileID: 4587854143578899115, guid: 83684c1ce96e67f4590ff456bceb1fc9,
        type: 3}
      propertyPath: m_LocalEulerAnglesHint.y
      value: -1.1205947
      objectReference: {fileID: 0}
    - target: {fileID: 4587854143578899115, guid: 83684c1ce96e67f4590ff456bceb1fc9,
        type: 3}
      propertyPath: m_LocalEulerAnglesHint.z
      value: -0.5018592
      objectReference: {fileID: 0}
    - target: {fileID: 4642571058675471402, guid: 83684c1ce96e67f4590ff456bceb1fc9,
        type: 3}
      propertyPath: m_LocalEulerAnglesHint.x
      value: -68.25582
      objectReference: {fileID: 0}
    - target: {fileID: 4642571058675471402, guid: 83684c1ce96e67f4590ff456bceb1fc9,
        type: 3}
      propertyPath: m_LocalEulerAnglesHint.y
      value: 6.9036756
      objectReference: {fileID: 0}
    - target: {fileID: 4642571058675471402, guid: 83684c1ce96e67f4590ff456bceb1fc9,
        type: 3}
      propertyPath: m_LocalEulerAnglesHint.z
      value: -13.17888
      objectReference: {fileID: 0}
    - target: {fileID: 5172132877708539276, guid: 83684c1ce96e67f4590ff456bceb1fc9,
        type: 3}
      propertyPath: m_LocalEulerAnglesHint.x
      value: 71.408
      objectReference: {fileID: 0}
    - target: {fileID: 5172132877708539276, guid: 83684c1ce96e67f4590ff456bceb1fc9,
        type: 3}
      propertyPath: m_LocalEulerAnglesHint.y
      value: -11.754059
      objectReference: {fileID: 0}
    - target: {fileID: 5172132877708539276, guid: 83684c1ce96e67f4590ff456bceb1fc9,
        type: 3}
      propertyPath: m_LocalEulerAnglesHint.z
      value: -16.64936
      objectReference: {fileID: 0}
    - target: {fileID: 5258172591879872336, guid: 83684c1ce96e67f4590ff456bceb1fc9,
        type: 3}
      propertyPath: m_LocalEulerAnglesHint.x
      value: -17.92688
      objectReference: {fileID: 0}
    - target: {fileID: 5258172591879872336, guid: 83684c1ce96e67f4590ff456bceb1fc9,
        type: 3}
      propertyPath: m_LocalEulerAnglesHint.y
      value: 12.025588
      objectReference: {fileID: 0}
    - target: {fileID: 5258172591879872336, guid: 83684c1ce96e67f4590ff456bceb1fc9,
        type: 3}
      propertyPath: m_LocalEulerAnglesHint.z
      value: -46.162006
      objectReference: {fileID: 0}
    - target: {fileID: 5390436815499785259, guid: 83684c1ce96e67f4590ff456bceb1fc9,
        type: 3}
      propertyPath: m_LocalEulerAnglesHint.x
      value: 19.127974
      objectReference: {fileID: 0}
    - target: {fileID: 5390436815499785259, guid: 83684c1ce96e67f4590ff456bceb1fc9,
        type: 3}
      propertyPath: m_LocalEulerAnglesHint.y
      value: 2.9063668
      objectReference: {fileID: 0}
    - target: {fileID: 5390436815499785259, guid: 83684c1ce96e67f4590ff456bceb1fc9,
        type: 3}
      propertyPath: m_LocalEulerAnglesHint.z
      value: 22.065044
      objectReference: {fileID: 0}
    - target: {fileID: 5394725442939888141, guid: 83684c1ce96e67f4590ff456bceb1fc9,
        type: 3}
      propertyPath: m_LocalEulerAnglesHint.x
      value: 22.322004
      objectReference: {fileID: 0}
    - target: {fileID: 5394725442939888141, guid: 83684c1ce96e67f4590ff456bceb1fc9,
        type: 3}
      propertyPath: m_LocalEulerAnglesHint.y
      value: 0.51562804
      objectReference: {fileID: 0}
    - target: {fileID: 5394725442939888141, guid: 83684c1ce96e67f4590ff456bceb1fc9,
        type: 3}
      propertyPath: m_LocalEulerAnglesHint.z
      value: 2.6575737
      objectReference: {fileID: 0}
    - target: {fileID: 5419934607724771530, guid: 83684c1ce96e67f4590ff456bceb1fc9,
        type: 3}
      propertyPath: m_LocalEulerAnglesHint.x
      value: 15.797481
      objectReference: {fileID: 0}
    - target: {fileID: 5419934607724771530, guid: 83684c1ce96e67f4590ff456bceb1fc9,
        type: 3}
      propertyPath: m_LocalEulerAnglesHint.y
      value: 0.053548798
      objectReference: {fileID: 0}
    - target: {fileID: 5419934607724771530, guid: 83684c1ce96e67f4590ff456bceb1fc9,
        type: 3}
      propertyPath: m_LocalEulerAnglesHint.z
      value: -2.606894
      objectReference: {fileID: 0}
    - target: {fileID: 5536304382410542230, guid: 83684c1ce96e67f4590ff456bceb1fc9,
        type: 3}
      propertyPath: m_LocalEulerAnglesHint.x
      value: 28.988384
      objectReference: {fileID: 0}
    - target: {fileID: 5536304382410542230, guid: 83684c1ce96e67f4590ff456bceb1fc9,
        type: 3}
      propertyPath: m_LocalEulerAnglesHint.y
      value: -10.051255
      objectReference: {fileID: 0}
    - target: {fileID: 5536304382410542230, guid: 83684c1ce96e67f4590ff456bceb1fc9,
        type: 3}
      propertyPath: m_LocalEulerAnglesHint.z
      value: 36.371555
      objectReference: {fileID: 0}
    - target: {fileID: 6062019634427162132, guid: 83684c1ce96e67f4590ff456bceb1fc9,
        type: 3}
      propertyPath: m_LocalEulerAnglesHint.x
      value: 29.71527
      objectReference: {fileID: 0}
    - target: {fileID: 6062019634427162132, guid: 83684c1ce96e67f4590ff456bceb1fc9,
        type: 3}
      propertyPath: m_LocalEulerAnglesHint.y
      value: 46.70449
      objectReference: {fileID: 0}
    - target: {fileID: 6062019634427162132, guid: 83684c1ce96e67f4590ff456bceb1fc9,
        type: 3}
      propertyPath: m_LocalEulerAnglesHint.z
      value: 102.94237
      objectReference: {fileID: 0}
    - target: {fileID: 6160938314962076206, guid: 83684c1ce96e67f4590ff456bceb1fc9,
        type: 3}
      propertyPath: m_LocalPosition.x
      value: -0.15
      objectReference: {fileID: 0}
    - target: {fileID: 6160938314962076206, guid: 83684c1ce96e67f4590ff456bceb1fc9,
        type: 3}
      propertyPath: m_LocalPosition.y
      value: -0.384
      objectReference: {fileID: 0}
    - target: {fileID: 6160938314962076206, guid: 83684c1ce96e67f4590ff456bceb1fc9,
        type: 3}
      propertyPath: m_LocalPosition.z
      value: 0.019
      objectReference: {fileID: 0}
    - target: {fileID: 6160938314962076206, guid: 83684c1ce96e67f4590ff456bceb1fc9,
        type: 3}
      propertyPath: m_LocalRotation.w
      value: -0.5162397
      objectReference: {fileID: 0}
    - target: {fileID: 6160938314962076206, guid: 83684c1ce96e67f4590ff456bceb1fc9,
        type: 3}
      propertyPath: m_LocalRotation.x
      value: 0.4498099
      objectReference: {fileID: 0}
    - target: {fileID: 6160938314962076206, guid: 83684c1ce96e67f4590ff456bceb1fc9,
        type: 3}
      propertyPath: m_LocalRotation.y
      value: 0.59234935
      objectReference: {fileID: 0}
    - target: {fileID: 6160938314962076206, guid: 83684c1ce96e67f4590ff456bceb1fc9,
        type: 3}
      propertyPath: m_LocalRotation.z
      value: 0.42460555
      objectReference: {fileID: 0}
    - target: {fileID: 6160938314962076206, guid: 83684c1ce96e67f4590ff456bceb1fc9,
        type: 3}
      propertyPath: m_LocalEulerAnglesHint.x
      value: -75.341
      objectReference: {fileID: 0}
    - target: {fileID: 6160938314962076206, guid: 83684c1ce96e67f4590ff456bceb1fc9,
        type: 3}
      propertyPath: m_LocalEulerAnglesHint.y
      value: -114.866
      objectReference: {fileID: 0}
    - target: {fileID: 6160938314962076206, guid: 83684c1ce96e67f4590ff456bceb1fc9,
        type: 3}
      propertyPath: m_LocalEulerAnglesHint.z
      value: 381.925
      objectReference: {fileID: 0}
    - target: {fileID: 6314201016823326565, guid: 83684c1ce96e67f4590ff456bceb1fc9,
        type: 3}
      propertyPath: m_LocalEulerAnglesHint.x
      value: 62.27384
      objectReference: {fileID: 0}
    - target: {fileID: 6314201016823326565, guid: 83684c1ce96e67f4590ff456bceb1fc9,
        type: 3}
      propertyPath: m_LocalEulerAnglesHint.y
      value: 1.673888
      objectReference: {fileID: 0}
    - target: {fileID: 6314201016823326565, guid: 83684c1ce96e67f4590ff456bceb1fc9,
        type: 3}
      propertyPath: m_LocalEulerAnglesHint.z
      value: 8.391772
      objectReference: {fileID: 0}
    - target: {fileID: 6383145337691012059, guid: 83684c1ce96e67f4590ff456bceb1fc9,
        type: 3}
      propertyPath: m_LocalPosition.x
      value: -0.07080386
      objectReference: {fileID: 0}
    - target: {fileID: 6383145337691012059, guid: 83684c1ce96e67f4590ff456bceb1fc9,
        type: 3}
      propertyPath: m_LocalPosition.y
      value: 0.1245832
      objectReference: {fileID: 0}
    - target: {fileID: 6383145337691012059, guid: 83684c1ce96e67f4590ff456bceb1fc9,
        type: 3}
      propertyPath: m_LocalPosition.z
      value: -0.002438276
      objectReference: {fileID: 0}
    - target: {fileID: 6383145337691012059, guid: 83684c1ce96e67f4590ff456bceb1fc9,
        type: 3}
      propertyPath: m_LocalRotation.w
      value: 0.42616138
      objectReference: {fileID: 0}
    - target: {fileID: 6383145337691012059, guid: 83684c1ce96e67f4590ff456bceb1fc9,
        type: 3}
      propertyPath: m_LocalRotation.x
      value: 0.54904556
      objectReference: {fileID: 0}
    - target: {fileID: 6383145337691012059, guid: 83684c1ce96e67f4590ff456bceb1fc9,
        type: 3}
      propertyPath: m_LocalRotation.y
      value: -0.440726
      objectReference: {fileID: 0}
    - target: {fileID: 6383145337691012059, guid: 83684c1ce96e67f4590ff456bceb1fc9,
        type: 3}
      propertyPath: m_LocalRotation.z
      value: 0.56806344
      objectReference: {fileID: 0}
    - target: {fileID: 6383145337691012059, guid: 83684c1ce96e67f4590ff456bceb1fc9,
        type: 3}
      propertyPath: m_LocalEulerAnglesHint.x
      value: 46.210308
      objectReference: {fileID: 0}
    - target: {fileID: 6383145337691012059, guid: 83684c1ce96e67f4590ff456bceb1fc9,
        type: 3}
      propertyPath: m_LocalEulerAnglesHint.y
      value: 18.265242
      objectReference: {fileID: 0}
    - target: {fileID: 6383145337691012059, guid: 83684c1ce96e67f4590ff456bceb1fc9,
        type: 3}
      propertyPath: m_LocalEulerAnglesHint.z
      value: 107.19317
      objectReference: {fileID: 0}
    - target: {fileID: 6416325498558403525, guid: 83684c1ce96e67f4590ff456bceb1fc9,
        type: 3}
      propertyPath: m_LocalEulerAnglesHint.x
      value: 32.707733
      objectReference: {fileID: 0}
    - target: {fileID: 6416325498558403525, guid: 83684c1ce96e67f4590ff456bceb1fc9,
        type: 3}
      propertyPath: m_LocalEulerAnglesHint.y
      value: 1.2082878
      objectReference: {fileID: 0}
    - target: {fileID: 6416325498558403525, guid: 83684c1ce96e67f4590ff456bceb1fc9,
        type: 3}
      propertyPath: m_LocalEulerAnglesHint.z
      value: 4.184941
      objectReference: {fileID: 0}
    - target: {fileID: 6462207522062495028, guid: 83684c1ce96e67f4590ff456bceb1fc9,
        type: 3}
      propertyPath: m_LocalEulerAnglesHint.x
      value: 61.190445
      objectReference: {fileID: 0}
    - target: {fileID: 6462207522062495028, guid: 83684c1ce96e67f4590ff456bceb1fc9,
        type: 3}
      propertyPath: m_LocalEulerAnglesHint.y
      value: 7.1046557
      objectReference: {fileID: 0}
    - target: {fileID: 6462207522062495028, guid: 83684c1ce96e67f4590ff456bceb1fc9,
        type: 3}
      propertyPath: m_LocalEulerAnglesHint.z
      value: 11.938422
      objectReference: {fileID: 0}
    - target: {fileID: 6556759362828359636, guid: 83684c1ce96e67f4590ff456bceb1fc9,
        type: 3}
      propertyPath: m_LocalEulerAnglesHint.x
      value: 12.576956
      objectReference: {fileID: 0}
    - target: {fileID: 6556759362828359636, guid: 83684c1ce96e67f4590ff456bceb1fc9,
        type: 3}
      propertyPath: m_LocalEulerAnglesHint.y
      value: 9.663562
      objectReference: {fileID: 0}
    - target: {fileID: 6556759362828359636, guid: 83684c1ce96e67f4590ff456bceb1fc9,
        type: 3}
      propertyPath: m_LocalEulerAnglesHint.z
      value: 4.635321
      objectReference: {fileID: 0}
    - target: {fileID: 6605518491194534522, guid: 83684c1ce96e67f4590ff456bceb1fc9,
        type: 3}
      propertyPath: m_LocalEulerAnglesHint.x
      value: 41.947666
      objectReference: {fileID: 0}
    - target: {fileID: 6605518491194534522, guid: 83684c1ce96e67f4590ff456bceb1fc9,
        type: 3}
      propertyPath: m_LocalEulerAnglesHint.y
      value: -0.0000019060793
      objectReference: {fileID: 0}
    - target: {fileID: 6605518491194534522, guid: 83684c1ce96e67f4590ff456bceb1fc9,
        type: 3}
      propertyPath: m_LocalEulerAnglesHint.z
      value: 0.0000002373886
      objectReference: {fileID: 0}
    - target: {fileID: 6622885477535649967, guid: 83684c1ce96e67f4590ff456bceb1fc9,
        type: 3}
      propertyPath: m_LocalEulerAnglesHint.x
      value: -9.446817
      objectReference: {fileID: 0}
    - target: {fileID: 6622885477535649967, guid: 83684c1ce96e67f4590ff456bceb1fc9,
        type: 3}
      propertyPath: m_LocalEulerAnglesHint.y
      value: 13.13279
      objectReference: {fileID: 0}
    - target: {fileID: 6622885477535649967, guid: 83684c1ce96e67f4590ff456bceb1fc9,
        type: 3}
      propertyPath: m_LocalEulerAnglesHint.z
      value: 168.32394
      objectReference: {fileID: 0}
    - target: {fileID: 6872046768922643871, guid: 83684c1ce96e67f4590ff456bceb1fc9,
        type: 3}
      propertyPath: m_LocalEulerAnglesHint.x
      value: -0.6627344
      objectReference: {fileID: 0}
    - target: {fileID: 6872046768922643871, guid: 83684c1ce96e67f4590ff456bceb1fc9,
        type: 3}
      propertyPath: m_LocalEulerAnglesHint.y
      value: -19.498665
      objectReference: {fileID: 0}
    - target: {fileID: 6872046768922643871, guid: 83684c1ce96e67f4590ff456bceb1fc9,
        type: 3}
      propertyPath: m_LocalEulerAnglesHint.z
      value: 22.813627
      objectReference: {fileID: 0}
    - target: {fileID: 7257179323182002285, guid: 83684c1ce96e67f4590ff456bceb1fc9,
        type: 3}
      propertyPath: m_LocalEulerAnglesHint.x
      value: 40.58365
      objectReference: {fileID: 0}
    - target: {fileID: 7257179323182002285, guid: 83684c1ce96e67f4590ff456bceb1fc9,
        type: 3}
      propertyPath: m_LocalEulerAnglesHint.y
      value: -0.82191575
      objectReference: {fileID: 0}
    - target: {fileID: 7257179323182002285, guid: 83684c1ce96e67f4590ff456bceb1fc9,
        type: 3}
      propertyPath: m_LocalEulerAnglesHint.z
      value: 5.483145
      objectReference: {fileID: 0}
    - target: {fileID: 7465031360225024537, guid: 83684c1ce96e67f4590ff456bceb1fc9,
        type: 3}
      propertyPath: m_LocalEulerAnglesHint.x
      value: 68.2731
      objectReference: {fileID: 0}
    - target: {fileID: 7465031360225024537, guid: 83684c1ce96e67f4590ff456bceb1fc9,
        type: 3}
      propertyPath: m_LocalEulerAnglesHint.y
      value: -1.5607902
      objectReference: {fileID: 0}
    - target: {fileID: 7465031360225024537, guid: 83684c1ce96e67f4590ff456bceb1fc9,
        type: 3}
      propertyPath: m_LocalEulerAnglesHint.z
      value: 2.7525427
      objectReference: {fileID: 0}
    - target: {fileID: 7469350206251168492, guid: 83684c1ce96e67f4590ff456bceb1fc9,
        type: 3}
      propertyPath: m_LocalEulerAnglesHint.x
      value: 73.28864
      objectReference: {fileID: 0}
    - target: {fileID: 7469350206251168492, guid: 83684c1ce96e67f4590ff456bceb1fc9,
        type: 3}
      propertyPath: m_LocalEulerAnglesHint.y
      value: -14.812868
      objectReference: {fileID: 0}
    - target: {fileID: 7469350206251168492, guid: 83684c1ce96e67f4590ff456bceb1fc9,
        type: 3}
      propertyPath: m_LocalEulerAnglesHint.z
      value: -19.612091
      objectReference: {fileID: 0}
    - target: {fileID: 7761701357293307469, guid: 83684c1ce96e67f4590ff456bceb1fc9,
        type: 3}
      propertyPath: m_RootOrder
      value: 6
      objectReference: {fileID: 0}
    - target: {fileID: 7761701357293307469, guid: 83684c1ce96e67f4590ff456bceb1fc9,
        type: 3}
      propertyPath: m_LocalPosition.x
      value: -4
      objectReference: {fileID: 0}
    - target: {fileID: 7761701357293307469, guid: 83684c1ce96e67f4590ff456bceb1fc9,
        type: 3}
      propertyPath: m_LocalPosition.y
      value: 0
      objectReference: {fileID: 0}
    - target: {fileID: 7761701357293307469, guid: 83684c1ce96e67f4590ff456bceb1fc9,
        type: 3}
      propertyPath: m_LocalPosition.z
      value: 8
      objectReference: {fileID: 0}
    - target: {fileID: 7761701357293307469, guid: 83684c1ce96e67f4590ff456bceb1fc9,
        type: 3}
      propertyPath: m_LocalRotation.w
      value: 0
      objectReference: {fileID: 0}
    - target: {fileID: 7761701357293307469, guid: 83684c1ce96e67f4590ff456bceb1fc9,
        type: 3}
      propertyPath: m_LocalRotation.x
      value: 0
      objectReference: {fileID: 0}
    - target: {fileID: 7761701357293307469, guid: 83684c1ce96e67f4590ff456bceb1fc9,
        type: 3}
      propertyPath: m_LocalRotation.y
      value: -1
      objectReference: {fileID: 0}
    - target: {fileID: 7761701357293307469, guid: 83684c1ce96e67f4590ff456bceb1fc9,
        type: 3}
      propertyPath: m_LocalRotation.z
      value: 0
      objectReference: {fileID: 0}
    - target: {fileID: 7761701357293307469, guid: 83684c1ce96e67f4590ff456bceb1fc9,
        type: 3}
      propertyPath: m_LocalEulerAnglesHint.x
      value: 0
      objectReference: {fileID: 0}
    - target: {fileID: 7761701357293307469, guid: 83684c1ce96e67f4590ff456bceb1fc9,
        type: 3}
      propertyPath: m_LocalEulerAnglesHint.y
      value: -180
      objectReference: {fileID: 0}
    - target: {fileID: 7761701357293307469, guid: 83684c1ce96e67f4590ff456bceb1fc9,
        type: 3}
      propertyPath: m_LocalEulerAnglesHint.z
      value: 0
      objectReference: {fileID: 0}
    - target: {fileID: 7761701357293307506, guid: 83684c1ce96e67f4590ff456bceb1fc9,
        type: 3}
      propertyPath: m_Name
      value: Player
      objectReference: {fileID: 0}
    - target: {fileID: 7761701357391989195, guid: 83684c1ce96e67f4590ff456bceb1fc9,
        type: 3}
      propertyPath: m_Enabled
      value: 0
      objectReference: {fileID: 0}
    - target: {fileID: 7761701357391989195, guid: 83684c1ce96e67f4590ff456bceb1fc9,
        type: 3}
      propertyPath: m_Lens.m_SensorSize.x
      value: 1.777612
      objectReference: {fileID: 0}
    - target: {fileID: 7761701357556353271, guid: 83684c1ce96e67f4590ff456bceb1fc9,
        type: 3}
      propertyPath: m_Weight
      value: 1
      objectReference: {fileID: 0}
    - target: {fileID: 7761701357774605621, guid: 83684c1ce96e67f4590ff456bceb1fc9,
        type: 3}
      propertyPath: m_Lens.m_SensorSize.x
      value: 1.777612
      objectReference: {fileID: 0}
    - target: {fileID: 7885501301973993273, guid: 83684c1ce96e67f4590ff456bceb1fc9,
        type: 3}
      propertyPath: m_LocalEulerAnglesHint.x
      value: -12.163959
      objectReference: {fileID: 0}
    - target: {fileID: 7885501301973993273, guid: 83684c1ce96e67f4590ff456bceb1fc9,
        type: 3}
      propertyPath: m_LocalEulerAnglesHint.y
      value: -0.10237332
      objectReference: {fileID: 0}
    - target: {fileID: 7885501301973993273, guid: 83684c1ce96e67f4590ff456bceb1fc9,
        type: 3}
      propertyPath: m_LocalEulerAnglesHint.z
      value: 0.9834752
      objectReference: {fileID: 0}
    - target: {fileID: 7989137876417582620, guid: 83684c1ce96e67f4590ff456bceb1fc9,
        type: 3}
      propertyPath: m_LocalEulerAnglesHint.x
      value: 54.42597
      objectReference: {fileID: 0}
    - target: {fileID: 7989137876417582620, guid: 83684c1ce96e67f4590ff456bceb1fc9,
        type: 3}
      propertyPath: m_LocalEulerAnglesHint.y
      value: 4.486491
      objectReference: {fileID: 0}
    - target: {fileID: 7989137876417582620, guid: 83684c1ce96e67f4590ff456bceb1fc9,
        type: 3}
      propertyPath: m_LocalEulerAnglesHint.z
      value: 8.634609
      objectReference: {fileID: 0}
    - target: {fileID: 7999847630248735586, guid: 83684c1ce96e67f4590ff456bceb1fc9,
        type: 3}
      propertyPath: m_LocalEulerAnglesHint.x
      value: 41.675003
      objectReference: {fileID: 0}
    - target: {fileID: 7999847630248735586, guid: 83684c1ce96e67f4590ff456bceb1fc9,
        type: 3}
      propertyPath: m_LocalEulerAnglesHint.y
      value: 90.54497
      objectReference: {fileID: 0}
    - target: {fileID: 7999847630248735586, guid: 83684c1ce96e67f4590ff456bceb1fc9,
        type: 3}
      propertyPath: m_LocalEulerAnglesHint.z
      value: 33.024002
      objectReference: {fileID: 0}
    - target: {fileID: 8088183546254893446, guid: 83684c1ce96e67f4590ff456bceb1fc9,
        type: 3}
      propertyPath: m_LocalEulerAnglesHint.x
      value: 48.14976
      objectReference: {fileID: 0}
    - target: {fileID: 8088183546254893446, guid: 83684c1ce96e67f4590ff456bceb1fc9,
        type: 3}
      propertyPath: m_LocalEulerAnglesHint.y
      value: 3.4811616
      objectReference: {fileID: 0}
    - target: {fileID: 8088183546254893446, guid: 83684c1ce96e67f4590ff456bceb1fc9,
        type: 3}
      propertyPath: m_LocalEulerAnglesHint.z
      value: 7.806209
      objectReference: {fileID: 0}
    - target: {fileID: 8872973697309007344, guid: 83684c1ce96e67f4590ff456bceb1fc9,
        type: 3}
      propertyPath: m_LocalEulerAnglesHint.x
      value: 51.458706
      objectReference: {fileID: 0}
    - target: {fileID: 8872973697309007344, guid: 83684c1ce96e67f4590ff456bceb1fc9,
        type: 3}
      propertyPath: m_LocalEulerAnglesHint.y
      value: 9.315404
      objectReference: {fileID: 0}
    - target: {fileID: 8872973697309007344, guid: 83684c1ce96e67f4590ff456bceb1fc9,
        type: 3}
      propertyPath: m_LocalEulerAnglesHint.z
      value: -15.699698
      objectReference: {fileID: 0}
    - target: {fileID: 8913208357499133516, guid: 83684c1ce96e67f4590ff456bceb1fc9,
        type: 3}
      propertyPath: m_LocalEulerAnglesHint.x
      value: 0.5442077
      objectReference: {fileID: 0}
    - target: {fileID: 8913208357499133516, guid: 83684c1ce96e67f4590ff456bceb1fc9,
        type: 3}
      propertyPath: m_LocalEulerAnglesHint.y
      value: -0.00018122047
      objectReference: {fileID: 0}
    - target: {fileID: 8913208357499133516, guid: 83684c1ce96e67f4590ff456bceb1fc9,
        type: 3}
      propertyPath: m_LocalEulerAnglesHint.z
      value: -1.9152758
      objectReference: {fileID: 0}
    m_RemovedComponents: []
  m_SourcePrefab: {fileID: 100100000, guid: 83684c1ce96e67f4590ff456bceb1fc9, type: 3}
